<?xml version="1.0" encoding="UTF-8"?><collection xmlns="http://www.loc.gov/MARC21/slim"><record><leader>00451nam--2200181-u-4500</leader><controlfield tag="001">000052925</controlfield><controlfield tag="002">20161230</controlfield><controlfield tag="005">20161230201050</controlfield><controlfield tag="008">101129s1000------------r-----000-0-rus-d</controlfield><datafield ind1=" " ind2=" " tag="040"><subfield code="a">IFIN-HH</subfield></datafield><datafield ind1=" " ind2=" " tag="041"><subfield code="a">rus</subfield></datafield><datafield ind1=" " ind2=" " tag="080"><subfield code="a">535.417</subfield></datafield><datafield ind1="1" ind2=" " tag="100"><subfield code="a">Malov, S.N</subfield></datafield><datafield ind1="1" ind2="0" tag="245"><subfield code="a">Gologtaficeskoe vicitanie izobrajenii</subfield><subfield code="c">S.n. malov</subfield></datafield><datafield ind1=" " ind2=" " tag="260"><subfield code="a">Irkutsk</subfield><subfield code="b">Irkutskogo Universiteta</subfield><subfield code="c">1990</subfield></datafield><datafield ind1=" " ind2=" " tag="300"><subfield code="a">135P</subfield></datafield><datafield ind1=" " ind2=" " tag="852"><subfield code="a">79375</subfield><subfield code="c">535</subfield></datafield><datafield ind1=" " ind2=" " tag="CAT"><subfield code="a">Sys</subfield><subfield code="c">20101129</subfield><subfield code="h">125850</subfield></datafield></record></collection>